<collection xmlns="http://www.loc.gov/MARC21/slim">
<record>
  <leader>01515nam0a2200289 i 450 </leader>
  <controlfield tag="001">IT\ICCU\CNCE\002391</controlfield>
  <controlfield tag="005">20100701000000.0</controlfield>
  <datafield tag="012" ind1=" " ind2=" ">
    <subfield code="a">lade o-na timo bema (3) 1538 (R)</subfield>
    <subfield code="2">fei</subfield>
  </datafield>
  <datafield tag="100" ind1=" " ind2=" ">
    <subfield code="a">19970101d1538        0itac0103    ba</subfield>
  </datafield>
  <datafield tag="101" ind1=" " ind2=" ">
    <subfield code="a">ITA</subfield>
  </datafield>
  <datafield tag="102" ind1=" " ind2=" ">
    <subfield code="a">IT</subfield>
  </datafield>
  <datafield tag="200" ind1="1" ind2=" ">
    <subfield code="a">De le lettere di m. Pietro Aretino. Libro primo</subfield>
  </datafield>
  <datafield tag="210" ind1=" " ind2=" ">
    <subfield code="d">1538</subfield>
    <subfield code="e">Impresso in Vinetia</subfield>
    <subfield code="g">per Francesco Marcolini da Forl</subfield>
    <subfield code="h">apresso a la chiesa de la Terneta</subfield>
    <subfield code="h">nel anno del Signore 1538 il mese di genaro</subfield>
  </datafield>
  <datafield tag="215" ind1=" " ind2=" ">
    <subfield code="a">CIV c.</subfield>
    <subfield code="d">fol</subfield>
  </datafield>
  <datafield tag="620" ind1=" " ind2=" ">
    <subfield code="a">IT</subfield>
    <subfield code="d">Venezia</subfield>
  </datafield>
  <datafield tag="700" ind1=" " ind2="1">
    <subfield code="a">Aretino,</subfield>
    <subfield code="b">Pietro</subfield>
    <subfield code="3">IT\ICCU\CNCA\000846</subfield>
  </datafield>
  <datafield tag="712" ind1="0" ind2="0">
    <subfield code="a">Marcolini, Francesco</subfield>
    <subfield code="3">IT\ICCU\CNCT\000394</subfield>
    <subfield code="4">650</subfield>
  </datafield>
  <datafield tag="790" ind1=" " ind2="0">
    <subfield code="a">Partenio Etiro</subfield>
    <subfield code="3">IT\ICCU\CNCA\022629</subfield>
    <subfield code="z">Aretino, Pietro</subfield>
  </datafield>
  <datafield tag="791" ind1="0" ind2="0">
    <subfield code="a">Marcolino, Francesco</subfield>
    <subfield code="3">IT\ICCU\CNCT\005028</subfield>
    <subfield code="z">Marcolini, Francesco</subfield>
  </datafield>
  <datafield tag="791" ind1="0" ind2="0">
    <subfield code="a">Marcolinus, Franciscus</subfield>
    <subfield code="3">IT\ICCU\CNCT\005029</subfield>
    <subfield code="z">Marcolini, Francesco</subfield>
  </datafield>
  <datafield tag="801" ind1=" " ind2="3">
    <subfield code="a">IT</subfield>
    <subfield code="b">ICCU</subfield>
    <subfield code="c">20201113</subfield>
  </datafield>
  <datafield tag="899" ind1=" " ind2=" ">
    <subfield code="a">Biblioteca comunale Aurelio Saffi. Forl</subfield>
    <subfield code="1">FC0018</subfield>
    <subfield code="2">RAV FO</subfield>
  </datafield>
  <datafield tag="899" ind1=" " ind2=" ">
    <subfield code="a">Biblioteca nazionale centrale. Firenze</subfield>
    <subfield code="z">MUTILO</subfield>
    <subfield code="1">FI0098</subfield>
    <subfield code="2">CFI CF</subfield>
  </datafield>
  <datafield tag="899" ind1=" " ind2=" ">
    <subfield code="a">Biblioteca universitaria. Pisa</subfield>
    <subfield code="1">PI0112</subfield>
    <subfield code="2">PIS R1</subfield>
  </datafield>
  <datafield tag="899" ind1=" " ind2=" ">
    <subfield code="a">Biblioteca Bartoliniana. Udine</subfield>
    <subfield code="z">MUTILO</subfield>
    <subfield code="1">UD0243</subfield>
    <subfield code="2">ZUD 12</subfield>
  </datafield>
  <datafield tag="911" ind1=" " ind2=" ">
    <subfield code="a">Nel coloph.</subfield>
    <subfield code="9">IT\ICCU\CNCM\000242</subfield>
  </datafield>
  <datafield tag="921" ind1=" " ind2=" ">
    <subfield code="a">IT\ICCU\CNCM\000242</subfield>
    <subfield code="b">Verit ̉(donna nuda con i capelli sciolti) flagellata dalla Menzogna (donna nuda con coda di serpente) sorretta per un braccio dal Tempo</subfield>
    <subfield code="e">Veritas filia temporis.</subfield>
    <subfield code="c">A114</subfield>
    <subfield code="c">V401</subfield>
    <subfield code="c">Z1190</subfield>
    <subfield code="d">Dimensioni: 7,5 x 9,8</subfield>
    <subfield code="f">MENZOGNA</subfield>
    <subfield code="f">TEMPO</subfield>
    <subfield code="f">VERITA</subfield>
    <subfield code="f">VERITASFIL</subfield>
    <subfield code="g">1537-1558</subfield>
  </datafield>
</record>
</collection>
